%% This BibTeX bibliography file was created using BibDesk.
%% http://bibdesk.sourceforge.net/

%% Created for Kunal Wagle at 2017-01-27 04:03:46 +0000 


%% Saved with string encoding Unicode (UTF-8) 



@webpage{newsApi,
	Date-Added = {2017-01-27 04:02:20 +0000},
	Date-Modified = {2017-01-27 04:03:46 +0000},
	Title = {News API},
	Url = {www.newsapi.org},
	Urldate = {2017-01-27}}

@url{webhose,
	Date-Added = {2017-01-27 04:00:13 +0000},
	Date-Modified = {2017-01-27 04:01:15 +0000},
	Title = {Webhose},
	Url = {https://webhose.io},
	Urldate = {2017-01-27}}

@url{clusteringWikipedia,
	Abstract = {Last accessed: 29/12/2016

The various types of clustering, according to Wikipedia.},
	Date-Added = {2017-01-15 13:43:04 +0000},
	Date-Modified = {2017-01-20 13:01:18 +0000},
	Title = {Cluster Analysis},
	Url = {https://en.wikipedia.org/wiki/Cluster_analysis},
	Urldate = {2016-12-29}}

@url{hierarchicalClustering,
	Abstract = {Last accessed: 29/12/2016

A Wikipedia article describing the various types and metrics used for hierarchical clustering.},
	Date-Added = {2017-01-15 13:41:41 +0000},
	Date-Modified = {2017-01-20 13:05:18 +0000},
	Title = {Hierarchical Clustering},
	Url = {https://en.wikipedia.org/wiki/Hierarchical_clustering},
	Urldate = {2016-12-29}}

@url{tfidf,
	Abstract = {Last accessed: 29/12/2016

A Wikipedia article about the justifications and calculations of TF-IDF.},
	Date-Added = {2017-01-15 13:40:14 +0000},
	Date-Modified = {2017-01-20 13:05:47 +0000},
	Title = {Term Frequency - Inverse Document Frequency},
	Url = {https://en.wikipedia.org/wiki/Tfâ€“idf#Example_of_tf.E2.80.93idf},
	Urldate = {2016-12-29}}

@url{lsa,
	Abstract = {Last accessed: 22/12/2016

An article on Wikipedia about Latent Semantic Analysis.},
	Date-Added = {2017-01-15 13:37:47 +0000},
	Date-Modified = {2017-01-20 13:06:09 +0000},
	Title = {Latent Semantic Analysis},
	Url = {https://en.wikipedia.org/wiki/Latent_semantic_analysis#Latent_semantic_indexing},
	Urldate = {2016-12-22}}

@url{differenceBetweenLSIAndLDA,
	Abstract = {Last Accessed: 22/12/2016

An explanation from a Ph.D consultant on the difference between Latent Semantic Indexing and Latent Dirichlet Allocation.},
	Date-Added = {2017-01-15 13:34:22 +0000},
	Date-Modified = {2017-01-20 13:06:41 +0000},
	Title = {What's the difference between Latent Semantic Indexing and Latent Dirichlet Allocation},
	Url = {https://www.quora.com/Whats-the-difference-between-Latent-Semantic-Indexing-LSI-and-Latent-Dirichlet-Allocation-LDA/answer/Joseph-Turian?srid=Qord},
	Urldate = {2016-12-22}}

@article{informationBasedSummarisation,
	Abstract = {Last accessed: 09/01/2017

This paper provides a method for performing information item based summarisation, which is a type of abstractive summarisation that creates a summary from the abstractive representation of a document, rather than the sentences in the document itself.},
	Author = {Pierre-Etienne Genest and Guy Lapalme},
	Date-Added = {2017-01-15 00:21:46 +0000},
	Date-Modified = {2017-01-15 13:49:38 +0000},
	Journal = {Proceedings of the 49th Annual Meeting of the Association for Computational Linguistics},
	Title = {Framework for Abstractive Summarization using Text-to-Text Generation},
	Year = {June 2011}}

@article{ruleBasedSummarisation,
	Abstract = {Last accessed: 11/01/2017

An approach to a rule-based summarisation. This method provides a guided alternative to abstractive summarisation, and focuses around multi-document summarisation.},
	Author = {Pierre-Etienne Genest and Guy Lapalme},
	Date-Added = {2017-01-13 19:08:45 +0000},
	Date-Modified = {2017-01-15 13:49:53 +0000},
	Journal = {Proceedings of the 50th Annual Meeting of the Association for Computational Linguistics},
	Title = {Fully Abstractive Approach to Guided Summarization},
	Year = {July 2012}}

@article{abstractiveTechniquesOriginal,
	Abstract = {Last accessed 08/01/2017

A paper that summarises the various methods attempted in the field of abstractive summarisation.},
	Author = {Atif Khan and Naomie Salim},
	Date-Added = {2017-01-11 16:54:24 +0000},
	Date-Modified = {2017-01-15 13:48:06 +0000},
	Journal = {Journal of Theoretical and Applied Information Technology},
	Title = {A review on abstractive summarization methods},
	Year = {January 2014}}

@article{abstractiveTechniques,
	Abstract = {Last accessed: 07/01/2017

A paper written by members of the Department of Computer Engineering at a University in Pune, India. The paper discusses the merits and drawbacks of various potential techniques for abstractive summarisation.},
	Author = {N. R. Kasture and Neha Yargal and Neha Nityanand Singh and Neha Kulkarni and Vijay Mathur},
	Date-Added = {2017-01-10 18:29:18 +0000},
	Date-Modified = {2017-01-15 13:48:31 +0000},
	Journal = {International Journal for Research in Emerging Science and Technology},
	Title = {A Survey on Methods of Abstractive Text Summarization},
	Year = {November 2014}}

@misc{apple,
	Date-Added = {2017-01-09 08:28:43 +0000},
	Date-Modified = {2017-01-09 08:28:51 +0000},
	Howpublished = {www.apple.com},
	Title = {Apple}}

@misc{summly,
	Date-Added = {2017-01-09 08:27:33 +0000},
	Date-Modified = {2017-01-09 08:27:43 +0000},
	Howpublished = {www.summly.com},
	Title = {Summly}}

@misc{appleNews,
	Date-Added = {2017-01-09 08:18:27 +0000},
	Date-Modified = {2017-01-09 08:19:12 +0000},
	Howpublished = {www.apple.com/uk/news/},
	Title = {Apple News}}

@url{appleDesignAward,
	Abstract = {Yahoo News Digest was one of the winners of the 2014 Apple Design Award.},
	Date-Added = {2017-01-09 08:17:52 +0000},
	Date-Modified = {2017-01-20 13:07:15 +0000},
	Title = {WWDC Apple Design Award Winners for 2014},
	Url = {http://www.macworld.com/article/2358481/wwdc-apple-design-awards-winners-for-2014.html},
	Urldate = {2016-12-29}}

@misc{wikipedia,
	Date-Added = {2017-01-09 08:16:23 +0000},
	Date-Modified = {2017-01-09 08:16:36 +0000},
	Howpublished = {www.wikipedia.org},
	Title = {Wikipedia}}

@misc{yahooNewsDigest,
	Date-Added = {2017-01-09 08:15:58 +0000},
	Date-Modified = {2017-01-09 08:16:11 +0000},
	Howpublished = {www.uk.mobile.yahoo.com/newsdigest/},
	Title = {Yahoo News Digest}}

@misc{googleForms,
	Date-Added = {2017-01-09 08:14:32 +0000},
	Date-Modified = {2017-01-09 08:14:41 +0000},
	Howpublished = {www.forms.google.com},
	Title = {Google Forms}}

@misc{statisticBrain,
	Date-Added = {2017-01-09 08:13:16 +0000},
	Date-Modified = {2017-01-09 08:14:03 +0000},
	Howpublished = {www.statisticbrain.com},
	Title = {Statistic Brain Research Institute}}

@misc{newYorkTimes,
	Date-Added = {2017-01-09 08:12:34 +0000},
	Date-Modified = {2017-01-09 08:13:13 +0000},
	Howpublished = {www.nytimes.com},
	Title = {The New York Times}}

@misc{yougov,
	Date-Added = {2017-01-09 08:12:04 +0000},
	Date-Modified = {2017-01-09 08:12:31 +0000},
	Howpublished = {www.yougov.com},
	Title = {YouGov}}

@misc{ofcom,
	Date-Added = {2017-01-09 08:11:25 +0000},
	Date-Modified = {2017-01-09 08:11:43 +0000},
	Howpublished = {www.ofcom.org.uk},
	Title = {Ofcom}}

@misc{canberra,
	Date-Added = {2017-01-09 08:10:48 +0000},
	Date-Modified = {2017-01-09 08:11:22 +0000},
	Howpublished = {www.canberra.edu.au},
	Title = {University of Canberra}}

@misc{google,
	Date-Added = {2017-01-09 08:10:27 +0000},
	Date-Modified = {2017-01-09 08:10:43 +0000},
	Howpublished = {www.google.com},
	Title = {Google}}

@misc{bbc,
	Date-Added = {2017-01-09 08:09:38 +0000},
	Date-Modified = {2017-01-09 08:10:24 +0000},
	Howpublished = {www.bbc.co.uk},
	Title = {BBC}}

@misc{oxford,
	Date-Added = {2017-01-09 08:08:54 +0000},
	Date-Modified = {2017-01-09 08:09:35 +0000},
	Howpublished = {www.oxford.ac.uk},
	Title = {University of Oxford}}

@misc{reutersInstitute,
	Date-Added = {2017-01-09 08:08:24 +0000},
	Date-Modified = {2017-01-09 08:08:51 +0000},
	Howpublished = {www.reutersinstitute.politics.ox.ac.uk},
	Title = {Reuters Institute for the Study of Journalism}}

@misc{foxNews,
	Date-Added = {2017-01-09 08:06:57 +0000},
	Date-Modified = {2017-01-09 08:07:40 +0000},
	Howpublished = {www.foxnews.com},
	Title = {Fox News}}

@misc{guardian,
	Date-Added = {2017-01-09 08:05:21 +0000},
	Date-Modified = {2017-01-09 08:06:54 +0000},
	Howpublished = {www.theguardian.com},
	Title = {The Guardian}}

@misc{uber,
	Date-Added = {2017-01-09 08:02:36 +0000},
	Date-Modified = {2017-01-09 08:03:06 +0000},
	Howpublished = {www.uber.com},
	Title = {Uber}}

@misc{googleNews,
	Date-Added = {2017-01-09 08:02:04 +0000},
	Date-Modified = {2017-01-09 08:02:32 +0000},
	Howpublished = {www.news.google.com},
	Title = {Google News}}

@misc{flipboard,
	Date-Added = {2017-01-09 08:00:03 +0000},
	Date-Modified = {2017-01-09 08:02:00 +0000},
	Howpublished = {www.flipboard.com},
	Title = {Flipboard}}

@article{lexRank,
	Abstract = {Last accessed: 03/01/2017

A paper that shows how to perform LexRank, which is a method of Extractive Summarisation, designed for use on multiple documents.},
	Author = {Gunes Erkan and Dragomir R Radev},
	Date-Added = {2017-01-08 15:36:55 +0000},
	Date-Modified = {2017-01-15 13:50:12 +0000},
	Journal = {Journal of Artificial Intelligence Research},
	Title = {LexRank: Graph-based Lexical Centrality as Salience in Text Summarization},
	Year = {December 2004}}

@url{googleClustering,
	Abstract = {Last accessed: 08/01/2017

An explanation from a former Google News employee on the Quora forum website on the broad strokes of Google's method for clustering articles},
	Date-Added = {2017-01-08 15:33:31 +0000},
	Date-Modified = {2017-01-20 13:07:39 +0000},
	Title = {How does Google News cluster stories?},
	Url = {https://www.quora.com/How-does-Google-News-cluster-stories/answer/Bharath-Kumar-M?srid=Qord},
	Urldate = {2017-01-08}}

@article{racoCalculation,
	Abstract = {Last accessed: 27/12/2016

This paper tries to evaluate how closely related two terms are by using their respective Wikipedia articles and calculations involving the categories they fall in to, and the number of links to other articles they share.},
	Author = {Karl Grieser and Timothy Baldwin and Fabian Bohnert and Liz Sonenberg},
	Date-Added = {2017-01-08 15:30:55 +0000},
	Date-Modified = {2017-01-15 13:49:23 +0000},
	Journal = {ACM Journal ACM Journal of Computing and Cultural Heritage},
	Title = {Using Ontological and Document Similarity to Estimate Museum Exhibit Relatedness},
	Year = {2011}}

@article{topicLabelling,
	Abstract = {Last accessed: 27/12/2016

A paper on a potential method for performing topic labelling, using Wikipedia article titles as candidates for naming the topics. The paper deems Wikipedia to be a good source for topic labels. },
	Author = {Jey Han Lau and Karl Grieser and David Newman and Timothy Baldwin},
	Date-Added = {2017-01-08 15:29:32 +0000},
	Date-Modified = {2017-01-15 13:46:31 +0000},
	Journal = {Proceedings of the 49th Annual Meeting of the Association for Computational Linguistics},
	Title = {Automatic Labelling of Topic Models},
	Year = {June 2011}}

@url{ldaExplanation,
	Abstract = {Last accessed: 08/01/2017

An explanation from Edwin Chen, professor at the University of Buenos Aires, written in 2011, about how Latent Dirichlet Allocation can be used to perform Topic Modelling},
	Date-Added = {2017-01-08 15:25:14 +0000},
	Date-Modified = {2017-01-20 13:08:07 +0000},
	Lastchecked = {08/01/2017},
	Title = {What is a good explanation of Latent Dirichlet Allocation?},
	Url = {https://www.quora.com/What-is-a-good-explanation-of-Latent-Dirichlet-Allocation/answer/Edwin-Chen-1?srid=Qord},
	Urldate = {2017-01-08}}

@article{empiricalStudyofWebUse,
	Abstract = {Last accessed: 22/12/2016

A paper written in 2008 that aims to evaluate how people use the web, and their internet browsing habits},
	Author = {Harald Weinreich and Hartmut Obendorf and Eelco Herder and Matthias Mayer},
	Date-Added = {2017-01-08 15:22:37 +0000},
	Date-Modified = {2017-01-15 13:46:17 +0000},
	Journal = {ACM Transactions on the Web},
	Title = {Not Quite the Average: An Empirical Study of Web Use},
	Year = {February 2008}}

@webpage{attentionSpan,
	Abstract = {Last accessed: 23/12/2016

Statistics from the Statistic Brain Research Institute based on a study they conducted in July 2016. The study aims to give an insight into statistics surrounding attention spans in 2016.},
	Author = {Statistic Brain Research Institute},
	Date-Added = {2017-01-08 15:20:19 +0000},
	Date-Modified = {2017-01-15 13:48:47 +0000},
	Title = {Attention Span Statistics},
	Url = {http://www.statisticbrain.com/attention-span-statistics/}}

@book{digitalNewsReport,
	Abstract = {Last accessed: 24/12/2016

The Digital News Report is an annual study conducted by the Reuters Institute for the Study of Journalism that aims to evaluate how people are obtaining the news year on year in various countries around the globe.},
	Date-Added = {2017-01-08 15:17:57 +0000},
	Date-Modified = {2017-01-15 13:44:38 +0000},
	Publisher = {Reuters Institute for the Study of Journalism},
	Title = {Reuters Institute Digital News Report 2016},
	Year = {2016}}

@article{extractiveTechniques,
	Abstract = {Last accessed: 30/12/2016

A paper that summarises various methods of performing Extractive Summarisation. },
	Author = {Vishal Gupta and Gurpreet Lehla},
	Date-Added = {2017-01-08 15:01:22 +0000},
	Date-Modified = {2017-01-15 13:49:08 +0000},
	Journal = {Journal of Emerging Technologies in Web Intelligence},
	Title = {A Survey of Text Summarization Extractive Techniques},
	Year = {2010},
	Bdsk-File-1 = {YnBsaXN0MDDUAQIDBAUGJCVYJHZlcnNpb25YJG9iamVjdHNZJGFyY2hpdmVyVCR0b3ASAAGGoKgHCBMUFRYaIVUkbnVsbNMJCgsMDxJXTlMua2V5c1pOUy5vYmplY3RzViRjbGFzc6INDoACgAOiEBGABIAFgAdccmVsYXRpdmVQYXRoWWFsaWFzRGF0YV8QUi4uLy4uLy4uLy4uLy4uLy4uL0Rvd25sb2Fkcy9BX1N1cnZleV9vZl9UZXh0X1N1bW1hcml6YXRpb25fRXh0cmFjdGl2ZV9UZWNobmlxdS5wZGbSFwsYGVdOUy5kYXRhTxECEAAAAAACEAACAAAMTWFjaW50b3NoIEhEAAAAAAAAAAAAAAAAAAAA1C+laUgrAAAACaolH0FfU3VydmV5X29mX1RleHRfU3VtIzI1RkU2MS5wZGYAAAAAAAAAAAAAAAAAAAAAAAAAAAAAAAAAAAAAAAAAAAAl/mHUiPTsAAAAAAAAAAAABgACAAAJIAAAAAAAAAAAAAAAAAAAAAlEb3dubG9hZHMAABAACAAA1C+XWQAAABEACAAA1Ij07AAAAAEADAAJqiUACaoiAAZg0AACAEpNYWNpbnRvc2ggSEQ6VXNlcnM6AGt1bmFsd2FnbGU6AERvd25sb2FkczoAQV9TdXJ2ZXlfb2ZfVGV4dF9TdW0jMjVGRTYxLnBkZgAOAG4ANgBBAF8AUwB1AHIAdgBlAHkAXwBvAGYAXwBUAGUAeAB0AF8AUwB1AG0AbQBhAHIAaQB6AGEAdABpAG8AbgBfAEUAeAB0AHIAYQBjAHQAaQB2AGUAXwBUAGUAYwBoAG4AaQBxAHUALgBwAGQAZgAPABoADABNAGEAYwBpAG4AdABvAHMAaAAgAEgARAASAFFVc2Vycy9rdW5hbHdhZ2xlL0Rvd25sb2Fkcy9BX1N1cnZleV9vZl9UZXh0X1N1bW1hcml6YXRpb25fRXh0cmFjdGl2ZV9UZWNobmlxdS5wZGYAABMAAS8AABUAAgAR//8AAIAG0hscHR5aJGNsYXNzbmFtZVgkY2xhc3Nlc11OU011dGFibGVEYXRhox0fIFZOU0RhdGFYTlNPYmplY3TSGxwiI1xOU0RpY3Rpb25hcnmiIiBfEA9OU0tleWVkQXJjaGl2ZXLRJidUcm9vdIABAAgAEQAaACMALQAyADcAQABGAE0AVQBgAGcAagBsAG4AcQBzAHUAdwCEAI4A4wDoAPADBAMGAwsDFgMfAy0DMQM4A0EDRgNTA1YDaANrA3AAAAAAAAACAQAAAAAAAAAoAAAAAAAAAAAAAAAAAAADcg==}}
