%% This BibTeX bibliography file was created using BibDesk.
%% http://bibdesk.sourceforge.net/

%% Created for Kunal Wagle at 2017-06-18 09:33:35 +0100 


%% Saved with string encoding Unicode (UTF-8) 



@url{copiepressearticle,
	Date-Added = {2017-06-18 01:02:39 +0000},
	Date-Modified = {2017-06-18 01:03:15 +0000},
	Title = {{Copiepresse v Google - the Belgian judgment dissected}},
	Url = {https://www.twobirds.com/en/news/articles/2007/copiepresse-v-google},
	note = {2017-06-12},
	Bdsk-Url-1 = {https://www.twobirds.com/en/news/articles/2007/copiepresse-v-google}}

@misc{copiepresse,
	Date-Added = {2017-06-18 01:01:53 +0000},
	Date-Modified = {2017-06-18 02:05:45 +0000},
	Howpublished = {https://www.copiepresse.be/},
	Title = {Copiepresse}}

@misc{cnbc,
	Date-Added = {2017-06-18 00:58:13 +0000},
	Date-Modified = {2017-06-18 02:06:30 +0000},
	Howpublished = {http://www.cnbc.com},
	Title = {{CNBC}}}

@misc{cnn,
	Date-Added = {2017-06-18 00:57:24 +0000},
	Date-Modified = {2017-06-18 02:06:03 +0000},
	Howpublished = {http://edition.cnn.com/},
	Title = {{CNN}}}

@misc{washingtonpost,
	Date-Added = {2017-06-18 00:56:49 +0000},
	Date-Modified = {2017-06-18 02:06:45 +0000},
	Howpublished = {https://www.washingtonpost.com/},
	Title = {{The Washington Post}}}

@url{yougovarticle,
	Date-Added = {2017-06-18 00:54:33 +0000},
	Date-Modified = {2017-06-18 00:54:52 +0000},
	Title = {{How left or right-wing are the UK's newspapers?}},
	Url = {https://yougov.co.uk/news/2017/03/07/how-left-or-right-wing-are-uks-newspapers/},
	note = {2017-06-12},
	Bdsk-Url-1 = {https://yougov.co.uk/news/2017/03/07/how-left-or-right-wing-are-uks-newspapers/}}

@url{pewarticle,
	Date-Added = {2017-06-18 00:53:37 +0000},
	Date-Modified = {2017-06-18 01:07:03 +0000},
	Title = {Ranking the media from liberal to conservative, based on their audiences},
	Url = {https://www.washingtonpost.com/news/the-fix/wp/2014/10/21/lets-rank-the-media-from-liberal-to-conservative-based-on-their-audiences/?utm_term=.7e9d8a364dd4},
	note = {2017-06-12},
	Bdsk-Url-1 = {https://www.washingtonpost.com/news/the-fix/wp/2014/10/21/lets-rank-the-media-from-liberal-to-conservative-based-on-their-audiences/?utm_term=.7e9d8a364dd4}}

@misc{pewresearch,
	Date-Added = {2017-06-18 00:52:11 +0000},
	Date-Modified = {2017-06-18 02:07:25 +0000},
	Howpublished = {http://www.pewresearch.org/},
	Title = {{Pew Research Center}}}

@misc{mirror,
	Date-Added = {2017-06-18 00:47:56 +0000},
	Date-Modified = {2017-06-18 02:06:59 +0000},
	Howpublished = {http://www.mirror.co.uk/},
	Title = {Mirror}}

@misc{dailymail,
	Date-Added = {2017-06-18 00:46:42 +0000},
	Date-Modified = {2017-06-18 02:07:39 +0000},
	Howpublished = {http://www.dailymail.co.uk/},
	Title = {{The Daily Mail}}}

@misc{fourfourtwo,
	Date-Added = {2017-06-18 00:45:44 +0000},
	Date-Modified = {2017-06-18 02:07:50 +0000},
	Howpublished = {https://www.fourfourtwo.com/},
	Title = {{FourFourTwo}}}

@misc{cricinfo,
	Date-Added = {2017-06-18 00:45:14 +0000},
	Date-Modified = {2017-06-18 02:08:30 +0000},
	Howpublished = {http://espncricinfo.com},
	Title = {{ESPN Cricinfo}}}

@misc{espn,
	Date-Added = {2017-06-18 00:44:45 +0000},
	Date-Modified = {2017-06-18 02:08:03 +0000},
	Howpublished = {http://www.espn.co.uk/},
	Title = {{ESPN}}}

@misc{excel,
	Date-Added = {2017-06-18 00:43:23 +0000},
	Date-Modified = {2017-06-18 02:08:17 +0000},
	Howpublished = {https://office.live.com/start/Excel.aspx},
	Title = {{Microsoft Excel}}}

@misc{jupyter,
	Date-Added = {2017-06-18 00:42:33 +0000},
	Date-Modified = {2017-06-18 02:08:45 +0000},
	Howpublished = {http://jupyter.org/},
	Title = {{Jupyter}}}

@misc{itunesconnect,
	Date-Added = {2017-06-18 00:41:12 +0000},
	Date-Modified = {2017-06-18 02:08:59 +0000},
	Howpublished = {http://itunesconnect.apple.com},
	Title = {{iTunes Connect}}}

@url{pippa3,
	Date-Added = {2017-06-18 00:38:44 +0000},
	Date-Modified = {2017-06-18 00:39:06 +0000},
	Title = {{What time is Pippa Middleton's wedding and where is St Mark's Church?}},
	Url = {http://www.telegraph.co.uk/news/0/time-pippa-middletons-wedding-st-marks-church/},
	note = {2017-06-12},
	Bdsk-Url-1 = {http://www.telegraph.co.uk/news/0/time-pippa-middletons-wedding-st-marks-church/}}

@url{pippa2,
	Date-Added = {2017-06-18 00:37:59 +0000},
	Date-Modified = {2017-06-18 00:38:41 +0000},
	Title = {{Pippa Middleton's dream wedding set to be soggy as Met Office predicts rain}},
	Url = {http://www.telegraph.co.uk/news/2017/05/19/pippa-middletons-wedding-pictures-hit-rain-met-office-predicts/},
	note = {2017-06-12},
	Bdsk-Url-1 = {http://www.telegraph.co.uk/news/2017/05/19/pippa-middletons-wedding-pictures-hit-rain-met-office-predicts/}}

@url{pippa1,
	Date-Added = {2017-06-18 00:37:14 +0000},
	Date-Modified = {2017-06-18 00:37:51 +0000},
	Title = {{When is Pippa Middleton marrying James Matthews? Everything you need to know}},
	Url = {http://www.telegraph.co.uk/news/0/pippa-middletons-wedding-guest-list/},
	note = {2017-06-12},
	Bdsk-Url-1 = {http://www.telegraph.co.uk/news/0/pippa-middletons-wedding-guest-list/}}

@url{trump3,
	Date-Added = {2017-06-18 00:36:23 +0000},
	Date-Modified = {2017-06-18 00:37:10 +0000},
	Title = {{Donald Trump says "even my enemies say there is no Russia collusion"}},
	Url = {http://www.independent.co.uk/news/world/americas/us-politics/trump-russia-investigation-collusion-enemies-denial-press-conference-latest-news-a7743861.html},
	note = {2017-06-12},
	Bdsk-Url-1 = {http://www.independent.co.uk/news/world/americas/us-politics/trump-russia-investigation-collusion-enemies-denial-press-conference-latest-news-a7743861.html}}

@url{trump2,
	Date-Added = {2017-06-18 00:34:53 +0000},
	Date-Modified = {2017-06-18 00:36:19 +0000},
	Title = {{Trump says, speaking for himself, there was no collusion with Russia}},
	Url = {http://www.reuters.com/article/us-usa-trump-collusion-idUSKCN18E30U},
	note = {2017-06-12},
	Bdsk-Url-1 = {http://www.reuters.com/article/us-usa-trump-collusion-idUSKCN18E30U}}

@url{trump1,
	Date-Added = {2017-06-18 00:34:04 +0000},
	Date-Modified = {2017-06-18 00:34:40 +0000},
	Title = {{Donald Trump says special counsel "hurts our country" as Russia probe "becoming criminal investigation"}},
	Url = {http://www.telegraph.co.uk/news/2017/05/18/donald-trumps-campaign-had-least-18-undisclosed-contacts-russians2/},
	note = {2017-06-12},
	Bdsk-Url-1 = {http://www.telegraph.co.uk/news/2017/05/18/donald-trumps-campaign-had-least-18-undisclosed-contacts-russians2/}}

@url{ag5,
	Date-Added = {2017-06-18 00:31:16 +0000},
	Date-Modified = {2017-06-18 00:31:51 +0000},
	Title = {{Emmerdale star Isabel Hodgins' horrifying Manchester Arena experience}},
	Url = {http://www.mirror.co.uk/3am/celebrity-news/emmerdale-star-isabel-hodgins-horrifying-10479121},
	note = {2017-06-12},
	Bdsk-Url-1 = {http://www.mirror.co.uk/3am/celebrity-news/emmerdale-star-isabel-hodgins-horrifying-10479121}}

@url{ag4,
	Date-Added = {2017-06-18 00:30:19 +0000},
	Date-Modified = {2017-06-18 00:30:48 +0000},
	Title = {{"A major incident targeted at our city" MPs respond to Manchester explosion}},
	Url = {http://www.mirror.co.uk/news/politics/this-major-incident-targeted-city-10479137},
	note = {2017-06-12},
	Bdsk-Url-1 = {http://www.mirror.co.uk/news/politics/this-major-incident-targeted-city-10479137}}

@url{ag3,
	Date-Added = {2017-06-18 00:29:55 +0000},
	Date-Modified = {2017-06-18 00:30:17 +0000},
	Title = {{Celebs pray for victims of Manchester Arena explosions}},
	Url = {http://www.dailymail.co.uk/tvshowbiz/article-4532198/Celebs-pray-victims-Manchester-Arena-explosions.html},
	note = {2017-06-12},
	Bdsk-Url-1 = {http://www.dailymail.co.uk/tvshowbiz/article-4532198/Celebs-pray-victims-Manchester-Arena-explosions.html}}

@url{ag2,
	Date-Added = {2017-06-18 00:29:27 +0000},
	Date-Modified = {2017-06-18 00:29:52 +0000},
	Title = {{Concert goers "run out screaming" after loud bangs at Manchester Arena}},
	Url = {http://metro.co.uk/2017/05/22/concert-goers-run-out-screaming-after-loud-bangs-at-manchester-arena-6654276/},
	note = {2017-06-12},
	Bdsk-Url-1 = {http://metro.co.uk/2017/05/22/concert-goers-run-out-screaming-after-loud-bangs-at-manchester-arena-6654276/}}

@url{ag1,
	Date-Added = {2017-06-18 00:28:47 +0000},
	Date-Modified = {2017-06-18 00:29:23 +0000},
	Title = {{"Two explosions" heard at Ariana Grande concert in Manchester}},
	Url = {http://www.independent.co.uk/news/uk/home-news/manchester-explosions-latest-news-updates-arena-ariana-grande-bangs-police-a7750381.html},
	note = {2017-06-12},
	Bdsk-Url-1 = {http://www.independent.co.uk/news/uk/home-news/manchester-explosions-latest-news-updates-arena-ariana-grande-bangs-police-a7750381.html}}

@url{uber5,
	Date-Added = {2017-06-18 00:26:44 +0000},
	Date-Modified = {2017-06-18 00:27:41 +0000},
	Title = {{Uber threatens to fire former Google engineer over self-driving car spat with Waymo}},
	Url = {https://www.theguardian.com/technology/2017/may/19/uber-threatens-to-fire-former-google-engineer-over-self-driving-car-spat-with-waymo},
	note = {2017-06-12},
	Bdsk-Url-1 = {https://www.theguardian.com/technology/2017/may/19/uber-threatens-to-fire-former-google-engineer-over-self-driving-car-spat-with-waymo}}

@url{uber4,
	Date-Added = {2017-06-18 00:26:22 +0000},
	Date-Modified = {2017-06-18 00:26:40 +0000},
	Title = {{Uber is threatening to fire the engineer at the heart of its legal battle with Google}},
	Url = {http://uk.businessinsider.com/uber-anthony-levandowski-waymo-legal-case-documents-2017-5},
	note = {2017-06-12},
	Bdsk-Url-1 = {http://uk.businessinsider.com/uber-anthony-levandowski-waymo-legal-case-documents-2017-5}}

@url{uber3,
	Date-Added = {2017-06-18 00:25:50 +0000},
	Date-Modified = {2017-06-18 00:26:13 +0000},
	Title = {{Uber threatened to fire engineer accused by rival Alphabet of stealing self-driving trade secrets}},
	Url = {http://www.newsweek.com/uber-threatened-fire-engineer-over-self-driving-trade-secrets-case-612103},
	note = {2017-06-12},
	Bdsk-Url-1 = {http://www.newsweek.com/uber-threatened-fire-engineer-over-self-driving-trade-secrets-case-612103}}

@url{uber2,
	Date-Added = {2017-06-18 00:25:27 +0000},
	Date-Modified = {2017-06-18 00:25:47 +0000},
	Title = {{Uber threatens to fire self-driving car engineer in trade secrets case}},
	Url = {http://www.reuters.com/article/us-uber-alphabet-engineer-idUSKCN18F0CD},
	note = {2017-06-12},
	Bdsk-Url-1 = {http://www.reuters.com/article/us-uber-alphabet-engineer-idUSKCN18F0CD}}

@url{uber1,
	Date-Added = {2017-06-18 00:24:50 +0000},
	Date-Modified = {2017-06-18 00:25:24 +0000},
	Title = {{Uber to appeal arbitration ruling in self driving car lawsuit}},
	Url = {http://www.reuters.com/article/us-uber-tech-alphabet-lawsuit-idUSKCN18E399},
	note = {2017-06-12},
	Bdsk-Url-1 = {http://www.reuters.com/article/us-uber-tech-alphabet-lawsuit-idUSKCN18E399}}

@url{united7,
	Date-Added = {2017-06-18 00:23:16 +0000},
	Date-Modified = {2017-06-18 00:23:45 +0000},
	Title = {{Anthony Martial among five first-team absentees from Man Utd awards ceremony}},
	Url = {http://metro.co.uk/2017/05/18/zlatan-ibrahimovic-and-anthony-martial-among-absentees-from-manchester-united-awards-ceremony-6647006/},
	note = {2017-06-12},
	Bdsk-Url-1 = {http://metro.co.uk/2017/05/18/zlatan-ibrahimovic-and-anthony-martial-among-absentees-from-manchester-united-awards-ceremony-6647006/}}

@url{united6,
	Date-Added = {2017-06-18 00:22:39 +0000},
	Date-Modified = {2017-06-18 00:23:05 +0000},
	Title = {{Manchester United stars and WAGS turn on the style at Player of the Year awards}},
	Url = {http://www.mirror.co.uk/sport/football/news/manchester-united-stars-wags-turn-10451821},
	note = {2017-06-12},
	Bdsk-Url-1 = {http://www.mirror.co.uk/sport/football/news/manchester-united-stars-wags-turn-10451821}}

@url{united5,
	Date-Added = {2017-06-18 00:22:00 +0000},
	Date-Modified = {2017-06-18 00:22:36 +0000},
	Title = {{Man United fans say the same thing as Ander Herrera is named Player of the Year}},
	Url = {http://www.mirror.co.uk/sport/football/news/red-devils-supporters-say-same-10452099},
	note = {2017-06-12},
	Bdsk-Url-1 = {http://www.mirror.co.uk/sport/football/news/red-devils-supporters-say-same-10452099}}

@url{united4,
	Date-Added = {2017-06-18 00:21:29 +0000},
	Date-Modified = {2017-06-18 00:21:57 +0000},
	Title = {{Our 7 favourite photos from Manchester United's Player of the Year Awards night}},
	Url = {http://www.mirror.co.uk/sport/row-zed/manchester-united-awards-night-photos-10452055},
	note = {2017-06-12},
	Bdsk-Url-1 = {http://www.mirror.co.uk/sport/row-zed/manchester-united-awards-night-photos-10452055}}

@url{united3,
	Date-Added = {2017-06-18 00:19:49 +0000},
	Date-Modified = {2017-06-18 00:21:24 +0000},
	Title = {{Live Manchester United Player of the Year Awards}},
	Url = {http://www.manchestereveningnews.co.uk/sport/football/football-news/manchester-united-news-awards-live-13056565},
	note = {2017-06-12},
	Bdsk-Url-1 = {http://www.manchestereveningnews.co.uk/sport/football/football-news/manchester-united-news-awards-live-13056565}}

@url{united2,
	Date-Added = {2017-06-18 00:19:30 +0000},
	Date-Modified = {2017-06-18 00:21:14 +0000},
	Title = {{Manchester United Player of the Year awards are underway}},
	Url = {http://www.dailymail.co.uk/sport/football/article-4520104/Manchester-United-Player-Year-awards-2017.html},
	note = {2017-06-12},
	Bdsk-Url-1 = {http://www.dailymail.co.uk/sport/football/article-4520104/Manchester-United-Player-Year-awards-2017.html}}

@url{united1,
	Date-Added = {2017-06-18 00:19:00 +0000},
	Date-Modified = {2017-06-18 00:21:03 +0000},
	Title = {{Manchester United Player's Player of the Year revealed}},
	Url = {http://www.mirror.co.uk/sport/football/news/manchester-uniteds-antonio-valencia-named-10451658},
	note = {2017-06-12},
	Bdsk-Url-1 = {http://www.mirror.co.uk/sport/football/news/manchester-uniteds-antonio-valencia-named-10451658}}

@url{trumpsalem,
	Date-Added = {2017-06-18 00:16:41 +0000},
	Date-Modified = {2017-06-18 00:20:51 +0000},
	Title = {{Congressman for Salem brilliantly trolls Donald Trump over "witch hunt" claims}},
	Url = {http://www.mirror.co.uk/news/politics/congressman-salem-brilliantly-trolls-donald-10452706},
	note = {2017-06-12},
	Bdsk-Url-1 = {http://www.mirror.co.uk/news/politics/congressman-salem-brilliantly-trolls-donald-10452706}}

@url{bidenarticle,
	Date-Added = {2017-06-18 00:16:04 +0000},
	Date-Modified = {2017-06-18 00:20:37 +0000},
	Title = {{Joe Biden just made a stunning admission about Hillary Clinton's 2016 election bid}},
	Url = {http://uk.businessinsider.com/joe-biden-stunning-admission-hillary-clinton-obama-2017-5},
	note = {2017-06-12},
	Bdsk-Url-1 = {http://uk.businessinsider.com/joe-biden-stunning-admission-hillary-clinton-obama-2017-5}}

@url{trumparticle,
	Date-Added = {2017-06-12 06:30:07 +0000},
	Date-Modified = {2017-06-18 02:04:39 +0000},
	Title = {{Global markets are fighting back against Trump uncertainty}},
	Url = {http://uk.businessinsider.com/stock-market-update-2017-5},
	note = {2017-06-12},
	Bdsk-Url-1 = {http://uk.businessinsider.com/stock-market-update-2017-5}}

@url{cfsarticle,
	Date-Added = {2017-06-12 06:28:51 +0000},
	Date-Modified = {2017-06-18 02:05:03 +0000},
	Title = {{Chelsea flower show: abandoned Maltese quarry wins top prize}},
	Url = {https://www.theguardian.com/lifeandstyle/2017/may/23/chelsea-flower-show-james-basson-abandoned-maltese-quarry-wins-top-prize},
	note = {2017-06-12},
	Bdsk-Url-1 = {https://www.theguardian.com/lifeandstyle/2017/may/23/chelsea-flower-show-james-basson-abandoned-maltese-quarry-wins-top-prize}}

@url{tmarticle,
	Date-Added = {2017-06-12 06:27:30 +0000},
	Date-Modified = {2017-06-12 06:28:04 +0000},
	Howpublished = {http://www.bbc.co.uk/news/election-2017-40005257},
	Title = {{Conservative social care funding cap: Theresa May defends changes}},
	note = {2017-06-12}}

@misc{surveymonkey,
	Date-Added = {2017-06-12 06:26:16 +0000},
	Date-Modified = {2017-06-18 01:17:15 +0000},
	Howpublished = {http://surveymonkey.com},
	Title = {{Survey Monkey}}}

@misc{restlet,
	Date-Added = {2017-06-12 06:18:30 +0000},
	Date-Modified = {2017-06-12 06:18:34 +0000},
	Howpublished = {https://restlet.com/},
	Title = {Restlet}}

@misc{independent,
	Date-Added = {2017-06-12 06:16:05 +0000},
	Date-Modified = {2017-06-18 01:17:37 +0000},
	Howpublished = {http://independent.co.uk},
	Title = {{The Independent}}}

@misc{telegraph,
	Date-Added = {2017-06-12 06:15:50 +0000},
	Date-Modified = {2017-06-18 01:17:49 +0000},
	Howpublished = {http://telegraph.co.uk},
	Title = {{The Telegraph}}}

@misc{reuters,
	Date-Added = {2017-06-12 06:15:35 +0000},
	Date-Modified = {2017-06-18 01:16:44 +0000},
	Howpublished = {http://reuters.com},
	Title = {{Reuters}}}

@misc{princeton,
	Date-Added = {2017-06-12 06:10:26 +0000},
	Date-Modified = {2017-06-12 06:10:36 +0000},
	Howpublished = {http://princeton.edu/},
	Title = {{Princeton}}}

@misc{wordnet,
	Date-Added = {2017-06-12 06:10:19 +0000},
	Date-Modified = {2017-06-12 06:10:25 +0000},
	Howpublished = {http://wordnet.princeton.edu/},
	Title = {{WordNet}}}

@misc{corenlp,
	Date-Added = {2017-06-12 06:09:14 +0000},
	Date-Modified = {2017-06-12 06:09:27 +0000},
	Howpublished = {{https://stanfordnlp.github.io/CoreNLP/}},
	Title = {{Stanford CoreNLP}}}

@misc{stanford,
	Date-Added = {2017-06-12 06:08:44 +0000},
	Date-Modified = {2017-06-12 06:09:12 +0000},
	Howpublished = {{https://stanfordnlp.github.io/CoreNLP/}},
	Title = {{Stanford NLP}}}

@misc{opennlp,
	Date-Added = {2017-06-12 06:07:35 +0000},
	Date-Modified = {2017-06-12 06:08:04 +0000},
	Howpublished = {http://opennlp.apache.org},
	Title = {{Apache OpenNLP}}}

@misc{apache,
	Date-Added = {2017-06-12 06:07:13 +0000},
	Date-Modified = {2017-06-18 01:13:50 +0000},
	Howpublished = {http://apache.org},
	Title = {Apache}}

@misc{mallet,
	Date-Added = {2017-06-12 06:06:16 +0000},
	Date-Modified = {2017-06-12 06:06:28 +0000},
	Howpublished = {http://mallet.cs.umass.edu/},
	Title = {Mallet}}

@misc{mediawiki,
	Date-Added = {2017-06-12 06:05:33 +0000},
	Date-Modified = {2017-06-12 06:05:41 +0000},
	Howpublished = {https://www.mediawiki.org/wiki/MediaWiki},
	Title = {{MediaWiki}}}

@misc{facebook,
	Date-Added = {2017-06-12 06:00:59 +0000},
	Date-Modified = {2017-06-18 01:14:43 +0000},
	Howpublished = {http://facebook.com},
	Title = {Facebook}}

@misc{react,
	Date-Added = {2017-06-12 06:00:02 +0000},
	Date-Modified = {2017-06-12 06:00:10 +0000},
	Howpublished = {https://facebook.github.io/react/},
	Title = {React}}

@misc{redux,
	Date-Added = {2017-06-12 05:59:22 +0000},
	Date-Modified = {2017-06-12 05:59:46 +0000},
	Howpublished = {http://redux.js.org/docs/introduction/},
	Title = {Redux}}

@misc{bootstrap,
	Date-Added = {2017-06-12 05:59:08 +0000},
	Date-Modified = {2017-06-12 05:59:20 +0000},
	Howpublished = {http://getbootstrap.com/},
	Title = {Bootstrap}}

@misc{dynamodb,
	Date-Added = {2017-06-12 05:55:39 +0000},
	Date-Modified = {2017-06-12 05:56:56 +0000},
	Howpublished = {https://aws.amazon.com/dynamodb/?nc2=h_m1},
	Title = {{Amazon Web Services DyanmoDB}}}

@misc{mongodb,
	Date-Added = {2017-06-12 05:54:53 +0000},
	Date-Modified = {2017-06-18 01:16:04 +0000},
	Howpublished = {http://mongodb.com},
	Title = {{MongoDB}}}

@misc{github,
	Date-Added = {2017-06-12 05:54:17 +0000},
	Date-Modified = {2017-06-18 01:15:12 +0000},
	Howpublished = {http://github.com},
	Title = {{GitHub}}}

@misc{digitalOcean,
	Date-Added = {2017-06-12 05:53:48 +0000},
	Date-Modified = {2017-06-18 01:14:31 +0000},
	Howpublished = {http://digitalocean.com},
	Title = {{Digital Ocean}}}

@misc{s3,
	Date-Added = {2017-06-12 05:52:39 +0000},
	Date-Modified = {2017-06-18 01:31:39 +0000},
	Howpublished = {https://aws.amazon.com/s3},
	Title = {{Amazon Web Services S3}}}

@misc{ec2,
	Date-Added = {2017-06-12 05:52:11 +0000},
	Date-Modified = {2017-06-18 01:31:34 +0000},
	Howpublished = {https://aws.amazon.com/ec2},
	Title = {{Amazon Web Services EC2}}}

@misc{amazon,
	Date-Added = {2017-06-12 05:51:09 +0000},
	Date-Modified = {2017-06-18 01:13:35 +0000},
	Title = {Amazon},
	Url = {http://amazon.com},
	Bdsk-Url-1 = {http://amazon.com}}

@misc{aws,
	Date-Added = {2017-06-12 05:50:37 +0000},
	Date-Modified = {2017-06-12 05:51:45 +0000},
	Title = {{Amazon Web Services}},
	Url = {https://aws.amazon.com/},
	Bdsk-Url-1 = {https://aws.amazon.com/}}

@url{nlpwiki,
	Date-Added = {2017-06-12 05:44:22 +0000},
	Date-Modified = {2017-06-12 05:45:30 +0000},
	Title = {{Natural Language Processing}},
	Url = {https://en.wikipedia.org/wiki/Natural_language_processing},
	note = {2017-06-12},
	Bdsk-Url-1 = {https://en.wikipedia.org/wiki/Natural_language_processing}}

@url{nlpkitchen,
	Date-Added = {2017-06-12 05:42:01 +0000},
	Date-Modified = {2017-06-12 05:42:57 +0000},
	Title = {{Natural Language Processing in the kitchen}},
	note = {2017-06-12}}

@misc{latimes,
	Date-Added = {2017-06-12 05:41:29 +0000},
	Date-Modified = {2017-06-12 05:41:53 +0000},
	Title = {LA Times}}

@webpage{newsApi,
	Date-Added = {2017-01-27 04:02:20 +0000},
	Date-Modified = {2017-06-18 01:16:26 +0000},
	Title = {{News API}},
	Url = {http://newsapi.org},
	note = {2017-01-27},
	Bdsk-Url-1 = {www.newsapi.org}}

@url{webhose,
	Date-Added = {2017-01-27 04:00:13 +0000},
	Date-Modified = {2017-01-27 04:01:15 +0000},
	Title = {{Webhose}},
	Url = {https://webhose.io},
	note = {2017-01-27},
	Bdsk-Url-1 = {https://webhose.io}}

@url{clusteringWikipedia,
	Abstract = {Last accessed: 29/12/2016

The various types of clustering, according to Wikipedia.},
	Date-Added = {2017-01-15 13:43:04 +0000},
	Date-Modified = {2017-01-20 13:01:18 +0000},
	Title = {{Cluster Analysis}},
	Url = {https://en.wikipedia.org/wiki/Cluster_analysis},
	note = {2016-12-29},
	Bdsk-Url-1 = {https://en.wikipedia.org/wiki/Cluster_analysis}}

@url{hierarchicalClustering,
	Abstract = {Last accessed: 29/12/2016

A Wikipedia article describing the various types and metrics used for hierarchical clustering.},
	Date-Added = {2017-01-15 13:41:41 +0000},
	Date-Modified = {2017-01-20 13:05:18 +0000},
	Title = {{Hierarchical Clustering}},
	Url = {https://en.wikipedia.org/wiki/Hierarchical_clustering},
	note = {2016-12-29},
	Bdsk-Url-1 = {https://en.wikipedia.org/wiki/Hierarchical_clustering}}

@url{tfidf,
	Abstract = {Last accessed: 29/12/2016

A Wikipedia article about the justifications and calculations of TF-IDF.},
	Date-Added = {2017-01-15 13:40:14 +0000},
	Date-Modified = {2017-01-20 13:05:47 +0000},
	Title = {{Term Frequency - Inverse Document Frequency}},
	Url = {https://en.wikipedia.org/wiki/Tf–idf#Example_of_tf.E2.80.93idf},
	note = {2016-12-29},
	Bdsk-Url-1 = {https://en.wikipedia.org/wiki/Tf%E2%80%93idf#Example_of_tf.E2.80.93idf}}

@url{lsa,
	Abstract = {Last accessed: 22/12/2016

An article on Wikipedia about Latent Semantic Analysis.},
	Date-Added = {2017-01-15 13:37:47 +0000},
	Date-Modified = {2017-01-20 13:06:09 +0000},
	Title = {{Latent Semantic Analysis}},
	Url = {https://en.wikipedia.org/wiki/Latent_semantic_analysis#Latent_semantic_indexing},
	note = {2016-12-22},
	Bdsk-Url-1 = {https://en.wikipedia.org/wiki/Latent_semantic_analysis#Latent_semantic_indexing}}

@url{differenceBetweenLSIAndLDA,
	Abstract = {Last Accessed: 22/12/2016

An explanation from a Ph.D consultant on the difference between Latent Semantic Indexing and Latent Dirichlet Allocation.},
	Date-Added = {2017-01-15 13:34:22 +0000},
	Date-Modified = {2017-01-20 13:06:41 +0000},
	Title = {{What's the difference between Latent Semantic Indexing and Latent Dirichlet Allocation}},
	Url = {https://www.quora.com/Whats-the-difference-between-Latent-Semantic-Indexing-LSI-and-Latent-Dirichlet-Allocation-LDA/answer/Joseph-Turian?srid=Qord},
	note = {2016-12-22},
	Bdsk-Url-1 = {https://www.quora.com/Whats-the-difference-between-Latent-Semantic-Indexing-LSI-and-Latent-Dirichlet-Allocation-LDA/answer/Joseph-Turian?srid=Qord}}

@conference{informationBasedSummarisation,
	Abstract = {Last accessed: 09/01/2017

This paper provides a method for performing information item based summarisation, which is a type of abstractive summarisation that creates a summary from the abstractive representation of a document, rather than the sentences in the document itself.},
	Address = {{Portland, Oregon}},
	Author = {{Pierre-Etienne Genest} and {Guy Lapalme}},
	Booktitle = {{Proceedings of the 49th Annual Meeting of the Association for Computational Linguistics}},
	Date-Added = {2017-01-15 00:21:46 +0000},
	Date-Modified = {2017-06-18 02:00:35 +0000},
	Month = {June},
	Pages = {64-73},
	Title = {{Framework for Abstractive Summarization using Text-to-Text Generation}},
	Year = {2011}}

@conference{ruleBasedSummarisation,
	Abstract = {Last accessed: 11/01/2017

An approach to a rule-based summarisation. This method provides a guided alternative to abstractive summarisation, and focuses around multi-document summarisation.},
	Address = {{Jeju, Republic of Korea}},
	Author = {{Pierre-Etienne Genest} and {Guy Lapalme}},
	Booktitle = {{Proceedings of the 50th Annual Meeting of the Association for Computational Linguistics}},
	Date-Added = {2017-01-13 19:08:45 +0000},
	Date-Modified = {2017-06-18 02:01:40 +0000},
	Month = {July},
	Pages = {354-358},
	Publisher = {{Association for Computational Linguistics}},
	Title = {{Fully Abstractive Approach to Guided Summarization}},
	Year = {2012}}

@article{abstractiveTechniquesOriginal,
	Abstract = {Last accessed 08/01/2017

A paper that summarises the various methods attempted in the field of abstractive summarisation.},
	Author = {{Atif Khan} and {Naomie Salim}},
	Date-Added = {2017-01-11 16:54:24 +0000},
	Date-Modified = {2017-06-18 01:56:55 +0000},
	Journal = {{Journal of Theoretical and Applied Information Technology}},
	Month = {January},
	Number = {1},
	Pages = {64-72},
	Title = {A review on abstractive summarization methods},
	Volume = {59},
	Year = {2014}}

@article{abstractiveTechniques,
	Abstract = {Last accessed: 07/01/2017

A paper written by members of the Department of Computer Engineering at a University in Pune, India. The paper discusses the merits and drawbacks of various potential techniques for abstractive summarisation.},
	Author = {{N. R. Kasture} and {Neha Yargal} and {Neha Nityanand Singh} and {Neha Kulkarni} and {Vijay Mathur}},
	Date-Added = {2017-01-10 18:29:18 +0000},
	Date-Modified = {2017-06-18 01:58:04 +0000},
	Journal = {{International Journal for Research in Emerging Science and Technology}},
	Month = {November},
	Number = {6},
	Pages = {53-57},
	Title = {{A Survey on Methods of Abstractive Text Summarization}},
	Volume = {1},
	Year = {2014}}

@misc{apple,
	Date-Added = {2017-01-09 08:28:43 +0000},
	Date-Modified = {2017-06-18 01:13:59 +0000},
	Howpublished = {http://apple.com},
	Title = {Apple}}

@misc{summly,
	Date-Added = {2017-01-09 08:27:33 +0000},
	Date-Modified = {2017-06-18 01:17:08 +0000},
	Howpublished = {http://summly.com},
	Title = {Summly}}

@misc{appleNews,
	Date-Added = {2017-01-09 08:18:27 +0000},
	Date-Modified = {2017-06-18 01:14:07 +0000},
	Howpublished = {http://apple.com/uk/news/},
	Title = {{Apple News}}}

@url{appleDesignAward,
	Abstract = {Yahoo News Digest was one of the winners of the 2014 Apple Design Award.},
	Date-Added = {2017-01-09 08:17:52 +0000},
	Date-Modified = {2017-01-20 13:07:15 +0000},
	Title = {{WWDC Apple Design Award Winners for 2014}},
	Url = {http://www.macworld.com/article/2358481/wwdc-apple-design-awards-winners-for-2014.html},
	note = {2016-12-29},
	Bdsk-Url-1 = {http://www.macworld.com/article/2358481/wwdc-apple-design-awards-winners-for-2014.html}}

@misc{wikipedia,
	Date-Added = {2017-01-09 08:16:23 +0000},
	Date-Modified = {2017-06-18 01:18:24 +0000},
	Howpublished = {http://www.wikipedia.org},
	Title = {Wikipedia}}

@misc{yahooNewsDigest,
	Date-Added = {2017-01-09 08:15:58 +0000},
	Date-Modified = {2017-06-18 01:18:33 +0000},
	Howpublished = {http://www.uk.mobile.yahoo.com/newsdigest/},
	Title = {{Yahoo News Digest}}}

@misc{googleForms,
	Date-Added = {2017-01-09 08:14:32 +0000},
	Date-Modified = {2017-06-18 01:15:31 +0000},
	Howpublished = {http://forms.google.com},
	Title = {{Google Forms}}}

@misc{statisticBrain,
	Date-Added = {2017-01-09 08:13:16 +0000},
	Date-Modified = {2017-06-18 01:17:01 +0000},
	Howpublished = {http://statisticbrain.com},
	Title = {{Statistic Brain Research Institute}}}

@misc{newYorkTimes,
	Date-Added = {2017-01-09 08:12:34 +0000},
	Date-Modified = {2017-06-18 01:17:43 +0000},
	Howpublished = {http://nytimes.com},
	Title = {{The New York Times}}}

@misc{yougov,
	Date-Added = {2017-01-09 08:12:04 +0000},
	Date-Modified = {2017-06-18 01:18:41 +0000},
	Howpublished = {http://www.yougov.com},
	Title = {{YouGov}}}

@misc{ofcom,
	Date-Added = {2017-01-09 08:11:25 +0000},
	Date-Modified = {2017-06-18 01:16:32 +0000},
	Howpublished = {http://ofcom.org.uk},
	Title = {Ofcom}}

@misc{canberra,
	Date-Added = {2017-01-09 08:10:48 +0000},
	Date-Modified = {2017-06-18 01:18:09 +0000},
	Howpublished = {http://canberra.edu.au},
	Title = {{University of Canberra}}}

@misc{google,
	Date-Added = {2017-01-09 08:10:27 +0000},
	Date-Modified = {2017-06-18 01:15:24 +0000},
	Howpublished = {http://google.com},
	Title = {Google}}

@misc{bbc,
	Date-Added = {2017-01-09 08:09:38 +0000},
	Date-Modified = {2017-06-18 01:14:15 +0000},
	Howpublished = {http://bbc.co.uk},
	Title = {{BBC}}}

@misc{oxford,
	Date-Added = {2017-01-09 08:08:54 +0000},
	Date-Modified = {2017-06-18 01:18:13 +0000},
	Howpublished = {http://www.oxford.ac.uk},
	Title = {{University of Oxford}}}

@misc{reutersInstitute,
	Date-Added = {2017-01-09 08:08:24 +0000},
	Date-Modified = {2017-06-18 01:16:53 +0000},
	Howpublished = {http://reutersinstitute.politics.ox.ac.uk},
	Title = {{Reuters Institute for the Study of Journalism}}}

@misc{foxNews,
	Date-Added = {2017-01-09 08:06:57 +0000},
	Date-Modified = {2017-06-18 01:15:00 +0000},
	Howpublished = {http://foxnews.com},
	Title = {{Fox News}}}

@misc{guardian,
	Date-Added = {2017-01-09 08:05:21 +0000},
	Date-Modified = {2017-06-18 01:17:29 +0000},
	Howpublished = {http://theguardian.com},
	Title = {{The Guardian}}}

@misc{uber,
	Date-Added = {2017-01-09 08:02:36 +0000},
	Date-Modified = {2017-06-18 01:18:00 +0000},
	Howpublished = {http://uber.com},
	Title = {Uber}}

@misc{googleNews,
	Date-Added = {2017-01-09 08:02:04 +0000},
	Date-Modified = {2017-06-18 01:15:37 +0000},
	Howpublished = {http://news.google.com},
	Title = {{Google News}}}

@misc{flipboard,
	Date-Added = {2017-01-09 08:00:03 +0000},
	Date-Modified = {2017-06-18 01:14:49 +0000},
	Howpublished = {http://flipboard.com},
	Title = {Flipboard}}

@article{lexRank,
	Abstract = {Last accessed: 03/01/2017

A paper that shows how to perform LexRank, which is a method of Extractive Summarisation, designed for use on multiple documents.},
	Author = {{Gunes Erkan} and {Dragomir R Radev}},
	Date-Added = {2017-01-08 15:36:55 +0000},
	Date-Modified = {2017-06-18 02:02:34 +0000},
	Journal = {{Journal of Artificial Intelligence Research}},
	Month = {December},
	Number = {1},
	Pages = {457-479},
	Title = {{LexRank: Graph-based Lexical Centrality as Salience in Text Summarization}},
	Volume = {22},
	Year = {2004}}

@url{googleClustering,
	Abstract = {Last accessed: 08/01/2017

An explanation from a former Google News employee on the Quora forum website on the broad strokes of Google's method for clustering articles},
	Date-Added = {2017-01-08 15:33:31 +0000},
	Date-Modified = {2017-01-20 13:07:39 +0000},
	Title = {{How does Google News cluster stories?}},
	Url = {https://www.quora.com/How-does-Google-News-cluster-stories/answer/Bharath-Kumar-M?srid=Qord},
	note = {2017-01-08},
	Bdsk-Url-1 = {https://www.quora.com/How-does-Google-News-cluster-stories/answer/Bharath-Kumar-M?srid=Qord}}

@article{racoCalculation,
	Abstract = {Last accessed: 27/12/2016

This paper tries to evaluate how closely related two terms are by using their respective Wikipedia articles and calculations involving the categories they fall in to, and the number of links to other articles they share.},
	Author = {{Karl Grieser} and {Timothy Baldwin} and {Fabian Bohnert} and {Liz Sonenberg}}},
	Date-Added = {2017-01-08 15:30:55 +0000},
	Date-Modified = {2017-06-18 01:59:54 +0000},
	Journal = {{ACM Journal ACM Journal of Computing and Cultural Heritage}},
	Month = {March},
	Number = {3},
	Pages = {1-20},
	Title = {{Using Ontological and Document Similarity to Estimate Museum Exhibit Relatedness}},
	Volume = {3},
	Year = {2011}}

@conference{topicLabelling,
	Abstract = {Last accessed: 27/12/2016

A paper on a potential method for performing topic labelling, using Wikipedia article titles as candidates for naming the topics. The paper deems Wikipedia to be a good source for topic labels. },
	Address = {{Portland, Oregon}},
	Author = {{Jey Han Lau} and {Karl Grieser} and {David Newman} and {Timothy Baldwin}},
	Booktitle = {{Proceedings of the 49th Annual Meeting of the Association for Computational Linguistics}},
	Date-Added = {2017-01-08 15:29:32 +0000},
	Date-Modified = {2017-06-18 01:56:14 +0000},
	Month = {June},
	Pages = {1536-1545},
	Title = {{Automatic Labelling of Topic Models}},
	Year = {2011}}

@url{ldaExplanation,
	Abstract = {Last accessed: 08/01/2017

An explanation from Edwin Chen, professor at the University of Buenos Aires, written in 2011, about how Latent Dirichlet Allocation can be used to perform Topic Modelling},
	Date-Added = {2017-01-08 15:25:14 +0000},
	Date-Modified = {2017-01-20 13:08:07 +0000},
	Lastchecked = {08/01/2017},
	Title = {{What is a good explanation of Latent Dirichlet Allocation?}},
	Url = {https://www.quora.com/What-is-a-good-explanation-of-Latent-Dirichlet-Allocation/answer/Edwin-Chen-1?srid=Qord},
	note = {2017-01-08},
	Bdsk-Url-1 = {https://www.quora.com/What-is-a-good-explanation-of-Latent-Dirichlet-Allocation/answer/Edwin-Chen-1?srid=Qord}}

@article{empiricalStudyofWebUse,
	Abstract = {Last accessed: 22/12/2016

A paper written in 2008 that aims to evaluate how people use the web, and their internet browsing habits},
	Author = {{Weinreich, Harald and Obendorf, Hartmut and Herder, Eelco and Mayer, Matthias}},
	Date-Added = {2017-01-08 15:22:37 +0000},
	Date-Modified = {2017-06-18 02:53:50 +0000},
	Journal = {{ACM Transactions on the Web}},
	Month = {February},
	Number = {1},
	Pages = {5:1 - 5:31},
	Title = {{Not Quite the Average: An Empirical Study of Web Use}},
	Volume = {2},
	Year = {2008}}

@webpage{attentionSpan,
	Abstract = {Last accessed: 23/12/2016

Statistics from the Statistic Brain Research Institute based on a study they conducted in July 2016. The study aims to give an insight into statistics surrounding attention spans in 2016.},
	Date-Added = {2017-01-08 15:20:19 +0000},
	Date-Modified = {2017-06-18 02:30:12 +0000},
	Title = {{Attention Span Statistics}},
	Url = {http://www.statisticbrain.com/attention-span-statistics/},
	Bdsk-Url-1 = {http://www.statisticbrain.com/attention-span-statistics/}}

@book{digitalNewsReport,
	Abstract = {Last accessed: 24/12/2016

The Digital News Report is an annual study conducted by the Reuters Institute for the Study of Journalism that aims to evaluate how people are obtaining the news year on year in various countries around the globe.},
	Author = {{Nic Newman} and {Richard Fletcher} and {David A. L. Levy} and {Rasmus Kleis Nielsen}},
	Date-Added = {2017-01-08 15:17:57 +0000},
	Date-Modified = {2017-06-18 08:33:32 +0000},
	Publisher = {{Reuters Institute for the Study of Journalism}},
	Title = {{Reuters Institute Digital News Report 2016}},
	Year = {2016}}

@article{extractiveTechniques,
	Abstract = {Last accessed: 30/12/2016

A paper that summarises various methods of performing Extractive Summarisation. },
	Author = {{Vishal Gupta} and {Gurpreet Lehla}},
	Date-Added = {2017-01-08 15:01:22 +0000},
	Date-Modified = {2017-06-18 01:58:59 +0000},
	Journal = {{Journal of Emerging Technologies in Web Intelligence}},
	Month = {August},
	Number = {3},
	Pages = {258-268},
	Title = {{A Survey of Text Summarization Extractive Techniques}},
	Volume = {2},
	Year = {2010},
	Bdsk-File-1 = {YnBsaXN0MDDUAQIDBAUGJCVYJHZlcnNpb25YJG9iamVjdHNZJGFyY2hpdmVyVCR0b3ASAAGGoKgHCBMUFRYaIVUkbnVsbNMJCgsMDxJXTlMua2V5c1pOUy5vYmplY3RzViRjbGFzc6INDoACgAOiEBGABIAFgAdccmVsYXRpdmVQYXRoWWFsaWFzRGF0YV8QVS4uLy4uLy4uLy4uLy4uLy4uLy4uL0Rvd25sb2Fkcy9BX1N1cnZleV9vZl9UZXh0X1N1bW1hcml6YXRpb25fRXh0cmFjdGl2ZV9UZWNobmlxdS5wZGbSFwsYGVdOUy5kYXRhTxECEAAAAAACEAACAAAMTWFjaW50b3NoIEhEAAAAAAAAAAAAAAAAAAAA1C+laUgrAAAACaolH0FfU3VydmV5X29mX1RleHRfU3VtIzI1RkU2MS5wZGYAAAAAAAAAAAAAAAAAAAAAAAAAAAAAAAAAAAAAAAAAAAAl/mHUiPTsAAAAAAAAAAAABwACAAAJIAAAAAAAAAAAAAAAAAAAAAlEb3dubG9hZHMAABAACAAA1C+XWQAAABEACAAA1Ij07AAAAAEADAAJqiUACaoiAAZg0AACAEpNYWNpbnRvc2ggSEQ6VXNlcnM6AGt1bmFsd2FnbGU6AERvd25sb2FkczoAQV9TdXJ2ZXlfb2ZfVGV4dF9TdW0jMjVGRTYxLnBkZgAOAG4ANgBBAF8AUwB1AHIAdgBlAHkAXwBvAGYAXwBUAGUAeAB0AF8AUwB1AG0AbQBhAHIAaQB6AGEAdABpAG8AbgBfAEUAeAB0AHIAYQBjAHQAaQB2AGUAXwBUAGUAYwBoAG4AaQBxAHUALgBwAGQAZgAPABoADABNAGEAYwBpAG4AdABvAHMAaAAgAEgARAASAFFVc2Vycy9rdW5hbHdhZ2xlL0Rvd25sb2Fkcy9BX1N1cnZleV9vZl9UZXh0X1N1bW1hcml6YXRpb25fRXh0cmFjdGl2ZV9UZWNobmlxdS5wZGYAABMAAS8AABUAAgAR//8AAIAG0hscHR5aJGNsYXNzbmFtZVgkY2xhc3Nlc11OU011dGFibGVEYXRhox0fIFZOU0RhdGFYTlNPYmplY3TSGxwiI1xOU0RpY3Rpb25hcnmiIiBfEA9OU0tleWVkQXJjaGl2ZXLRJidUcm9vdIABAAgAEQAaACMALQAyADcAQABGAE0AVQBgAGcAagBsAG4AcQBzAHUAdwCEAI4A5gDrAPMDBwMJAw4DGQMiAzADNAM7A0QDSQNWA1kDawNuA3MAAAAAAAACAQAAAAAAAAAoAAAAAAAAAAAAAAAAAAADdQ==}}
